<record><leader>00000cas a2200000 a 4500</leader><controlfield tag="001">11156285</controlfield><controlfield tag="008">840915d1853185uohudn ne      0    0eng c</controlfield><datafield ind1=" " ind2=" " tag="010"><subfield code="a">sn 84024187 </subfield></datafield><datafield ind1=" " ind2=" " tag="040"><subfield code="a">NPV</subfield><subfield code="b">eng</subfield><subfield code="c">NPV</subfield><subfield code="d">NPX</subfield><subfield code="d">ONP</subfield><subfield code="d">DLC</subfield><subfield code="d">NVF</subfield><subfield code="d">OCLCQ</subfield></datafield><datafield ind1=" " ind2=" " tag="042"><subfield code="a">pcc</subfield></datafield><datafield ind1="0" ind2="0" tag="245"><subfield code="a">Cincinnati daily Columbian.</subfield></datafield><datafield ind1=" " ind2=" " tag="260"><subfield code="a">Cincinnati [Ohio] :</subfield><subfield code="b">E. Penrose Jones</subfield></datafield><datafield ind1=" " ind2=" " tag="300"><subfield code="a">volumes</subfield></datafield><datafield ind1=" " ind2=" " tag="310"><subfield code="a">Daily (except Sunday)</subfield></datafield><datafield ind1=" " ind2=" " tag="336"><subfield code="a">text</subfield><subfield code="b">txt</subfield><subfield code="2">rdacontent</subfield></datafield><datafield ind1=" " ind2=" " tag="337"><subfield code="a">unmediated</subfield><subfield code="b">n</subfield><subfield code="2">rdamedia</subfield></datafield><datafield ind1=" " ind2=" " tag="338"><subfield code="a">volume</subfield><subfield code="b">nc</subfield><subfield code="2">rdacarrier</subfield></datafield><datafield ind1="1" ind2=" " tag="362"><subfield code="a">Began in 1853.</subfield></datafield><datafield ind1=" " ind2=" " tag="500"><subfield code="a">Editor: W.B. Shattuck.</subfield></datafield><datafield ind1=" " ind2=" " tag="500"><subfield code="a">Publishers: A.G. Richardson, &lt;1854&gt;; Stanhope S. Rowe, &lt;1856&gt;.</subfield></datafield><datafield ind1=" " ind2=" " tag="500"><subfield code="a">"Independent," &lt;1856&gt;.</subfield></datafield><datafield ind1=" " ind2=" " tag="580"><subfield code="a">Weekly eds.: Columbian &amp; Great West, 1853-1855, and: Dollar weekly Columbian, 1855-&lt;1856&gt;.</subfield></datafield><datafield ind1=" " ind2=" " tag="588"><subfield code="a">Description based on: Vol. 1, no. 30 (Oct. 22, 1853).</subfield></datafield><datafield ind1="1" ind2=" " tag="700"><subfield code="a">Shattuck, William B.</subfield><subfield code="q">(William Bainbridge),</subfield><subfield code="d">1824-</subfield></datafield><datafield ind1=" " ind2=" " tag="752"><subfield code="a">United States</subfield><subfield code="b">Ohio</subfield><subfield code="c">Hamilton</subfield><subfield code="d">Cincinnati.</subfield></datafield><datafield ind1="1" ind2=" " tag="775"><subfield code="t">Columbian &amp; Great West</subfield><subfield code="w">(DLC)sn 84024996</subfield></datafield><datafield ind1="1" ind2=" " tag="775"><subfield code="t">Dollar weekly Columbian</subfield><subfield code="w">(DLC)sn 85042285</subfield></datafield></record>